@book{comportamietoAnimal,
    author = {J. Alcock},
    title = {Animal Behavior: An Evolutionary Approach},
    year = {2012},
    edition = {10}
}

@article{pso1995,
    author = {J. Kennedy and R. Eberhart},
    title = {Particle Swarm Optimization},
    journal = {Proc of IEEE International Conference on Neural Network},
    year = {1995},
    pages = {1942-1948}
}

@article{abc2005,
    author = {D. Karaboga},
    title = {An idea based on honey bee swarm for numerical optimization},
    journal = {Computer Engineering Department, Engineering Faculty, Erciyes University. Technical report.},
    year = {2005}
}


@article{jso2017,
    author = {J. Brest and M. Sepesy-Maučec and B. Bošković},
    title = {Single Objective Real-Parameter Optimization: Algorithm jSO},
    journal = {IEEE Congress on Evolutionary Computation (CEC)},
    year = {2017},
    pages = {1311 -- 1317}
}

@article{fisicaSurvey,
    author = {A. Biswas and K.K. Mishra and S. Tiwari and A.K. Misra},
    title = {Physics--Inspired Optimization Algorithms: A Survey},
    journal = {Hindawi Publishing Corporation},
    year = {2013}
}

@article{cfo2007,
    author = {R. A. Formato},
    title = {Central force optimization: a new metaheuristic with applications in applied electromagnetics},
    journal = {Progress in Electromagnetics Research},
    year = {2007},
    pages = {425-491}
}


@article{ed1995,
    author = {R. Storn and K. Price},
    title = {Differential Evolution -- A simple and efficient adaptive scheme for global optimization over continuous spaces},
    journal = {Journal of Global Optimization},
    year = {1995}
}

@online{cec2017,
    author = {N.H. Awad and M.Z. Ali and B.Y. Q. and J.J. Liang and P.N. Suganthan},
    title = {Problem Definitions and Evaluation Criteria for the CEC 2017 Special Session and Competition on Single Objective Bound Constrained Real-Parameter Numerical Optimization},
    organization = {Technological University, Singapore, Tech. Rep.},
    year = {2016}
}

@article{problemas,
    author = {M. Jamil and X.S. Yang},
    title = {A Literature Survey of Benchmark Functions For Global Optimization Problems},
    journal = {Int. Journal of Mathematical Modelling and Numerical Optimisation},
    year = {2013},
    volume = {4},
    pages = {150 -- 194}
}

@article{dall,
    author = {O. Olorunda and A.P. Engelbrecht},
    title = {Measuring exploration/exploitation in particle swarms using swarm diversity},
    journal = {IEEE Evolutionary Computation},
    year = {2008}
}

@book{kleppner73,
    author = {D. Kleppner and R. Kolenkow},
    title = {An Introduction to Mechanics},
    year = {1973},
    edition = {2nd},
    publisher = {McGraw-Hill}
}

@book{rudin,
    author = {R. Walter},
    title = {Principles of Mathematical Analysis},
    publisher = {McGraw-Hill,},
    year = {1976},
    series = {International Series in Pure and Applied Mathematics},
    address = {New York},
    edition = {3rd}
}

@article{melanie96,
    author = {M. Mitchell},
    title = {An Introduction to Genetic Algorithms},
    journal = {Cambridge, MA: MIT Press},
    year = {1996}
}

@book{serway,
    author = {R.A. Serway and J.W. Jewett},
    title = {Principles of Physics: a Calculus-Based Text},
    year = {2016},
    edition = {4th},
    publisher = {Thomson Learning},
}


@article{easSurv,
    author = {P.J. Fleming and R.C. Purshouse},
    title = {Evolutionary algorithms in control systems engineering: a survey},
    journal = {Elsevier Science Ltd.},
    year = {2002}
}

@book{sqp,
    author = {J. Nocedal and S.J. Wright},
    title = {Numerical Optimization},
    year = {2006},
    publisher = {Springer}
}

@article{biswas2013physics,
  title={Physics-inspired Optimization Algorithms: A Survey},
  author={A. Biswas and K.K. Mishra and S. Tiwari and A.K. Misra},
  journal={Journal of Optimization},
  year={2013},
  journal={Hindawi Publishing Corporation}
}

@article{xie2011convergence,
  title={Convergence Analysis and Performance of the Extended Artificial Physics Optimization Algorithm},
  author={L. Xie and J. Zeng and R.A. Formato },
  journal={Applied Mathematics and Computation},
  volume={218},
  number={8},
  pages={4000--4011},
  year={2011},
  journal={Elsevier}
}



@article{DBLP:journals/corr/FisterYFBF13,
  author    = {Iztok Fister Jr. and
               Xin{-}She Yang and
               Iztok Fister and
               Janez Brest and
               Dusan Fister},
  title     = {A Brief Review of Nature-Inspired Algorithms for Optimization},
  journal   = {CoRR},
  volume    = {abs/1307.4186},
  year      = {2013},
  url       = {http://arxiv.org/abs/1307.4186},
  archivePrefix = {arXiv},
  eprint    = {1307.4186},
  timestamp = {Wed, 07 Jun 2017 14:43:12 +0200},
  biburl    = {http://dblp.org/rec/bib/journals/corr/FisterYFBF13},
  bibsource = {dblp computer science bibliography, http://dblp.org}
}

@article{rashedi2009gsa,
  title={GSA: a Gravitational Search Algorithm},
  author={Esmat Rashedi and Hossein Nezamabadi-pour and Saeid Saryazdi},
  journal={Information sciences},
  volume={179},
  number={13},
  pages={2232--2248},
  year={2009},
  publisher={Elsevier}
}

@article{glsa,
    author = {B. Webster, P.J. Bernhard},
    title = {A Local Search Optimization Algorithm Based on Natural Principles of Gravitation},
    journal = {Proceedings of the 2003 international conference on information and knowledge engineering (IKE'03)},
    year = {2003},
    address ={Las Vegas,Nevada, USA}
}

@article{erol2006new,
  title={A new optimization method: big bang--big crunch},
  author={O.K. Erol and Ibrahim. Eksin},
  journal={Advances in Engineering Software},
  volume={37},
  number={2},
  pages={106--111},
  year={2006},
  publisher={Elsevier}
}

@article{kaveh2010novel,
  title={A Novel Heuristic Optimization Method: Charged System Search},
  author={A. Kaveh and S. Talatahari},
  journal={Acta Mechanica},
  volume={213},
  number={3},
  pages={267--289},
  year={2010},
  publisher={Springer}
}

@article{hatamlou2013black,
  title={Black hole: A New Heuristic Optimization Approach for Data Clustering},
  author={A. Hatamlou},
  journal={Information Sciences},
  volume={222},
  pages={175--184},
  year={2013},
  publisher={Elsevier}
}

@article{kaveh2012new,
  title={A New Meta-heuristic Method: Ray Optimization},
  author={A. Kaveh and M. Khayatazad},
  journal={Computers \& structures},
  volume={112},
  pages={283--294},
  year={2012},
  publisher={Elsevier}
}


@report{cecCop17,
    author = {G. Wu and R. Mallipedi and P.N. Suganthan},
    title = {Problem Definitions and Evaluation Criteria for the CEC 2017 Competition on Constrained Real-Parameter Optimization},
    type = {Technical Report},
    institution = {National University of Defense Technology},
    year = {2017}
}

@book{castillofoundations,
  title={Foundations of Fuzzy Logic and Soft Computing},
  author={P. Melin  and O. Castillo and L.T. Aguilar and J. Kacprzyk and W. Pedrycz},
  publisher={Springer}
}

@inproceedings{zamuda2017adaptive,
  title={Adaptive constraint handling and Success History Differential Evolution for CEC 2017 Constrained Real-Parameter Optimization},
  author={A. Zamuda},
  booktitle={Evolutionary Computation (CEC), 2017 IEEE Congress on},
  pages={2443--2450},
  year={2017},
  organization={IEEE}
}

@article{jones1998efficient,
  title={Efficient global optimization of expensive black-box functions},
  author={D.R. Jones and M. Schonlau and W.J. Welch},
  journal={Journal of Global optimization},
  volume={13},
  number={4},
  pages={455--492},
  year={1998},
  publisher={Springer}
}

@book{back,
    author = {Thomas Bäck},
    title = {Evolutionary Algorithms in Theory and Practice},
    year = {1996},
    publisher = {Oxford University Press},
    location = {New York},
}

@book{spall03,
    author = {James C. Spall},
    title = {Introduction to Stochastic Search and Optimization},
    year = {2003},
    publisher = {John Wiley \& Sons Inc.},
}

@article{Mezura11,
  title={Constraint-Handling in Nature-Inspired Numerical Optimization: Past, Present and Future},
  author={Efr\'{e}n Mezura-Montes and Carlos A. {Coello Coello}},
  journal={Swarm and Evolutionary Computation},
  volume={1},
  number={4},
  pages={173--194},
  year={2011},
  publisher={Elsevier}
}

@article{Mezura10,
  title={Differential evolution in constrained numerical optimization: An empirical study},
  author={Efr\'{e}n Mezura-Montes and Mariana-Edith Miranda-Varela and Rub\'{i}-del-Carmen G\'{o}mez-Ram\'{o}n},
  journal={Information Sciences},
  volume={180},
  number={22},
  pages={4223--4262},
  year={2010},
  publisher={Elsevier}
}

